@online{percorso-tirocinio,
  title = {Com'è strutturato il tirocinio / la tesi"},
  year = 2023,
  url = {http://gamificationlab.uniroma1.it/tirocini_e_tesi/struttura/},
  addendum = "(accessed: 14-03-2023)",
}


@online{go,
  title = {Docker},
  year = 2023,
  url = {https://go.dev/doc/faq},
  addendum = "(accessed: 30-04-2023)",
}
@online{docker,
  title = {Docker},
  year = 2023,
  url = {https://it.wikipedia.org/wiki/Docker},
  addendum = "(accessed: 14-03-2023)",
}

@online{SeismoCloud,
  title = {SeismoCloud},
  year = 2023,
  url = {https://www.seismocloud.com/il-progetto/},
  addendum = "(accessed: 14-03-2023)",
}

@online{SeismoCloud-EarlyWarning,
  title = {{SeismoCloud} Come si riceve l’Early Warning?},
  year = 2023,
  url = {https://www.seismocloud.com/il-progetto/},
  addendum = "(accessed: 14-03-2023)",
}

@online{UUID-library-documentation,
  title = {UUID documentation},
  year = 2023,
  url = {https://github.com/gofrs/uuid},
  addendum = "(accessed: 14-03-2023)",
}

@online{UUIDv4,
  title = {UUID v4},
  year = 2023,
  url = {https://towardsdatascience.com/are-uuids-really-unique-57eb80fc2a87},
  addendum = "(accessed: 14-03-2023)",
}
@online{rfc4122,
  title = {RFC 4122 - A Universally Unique IDentifier (UUID) URN Namespace},
  year = 2023,
  url = {https://www.rfc-editor.org/rfc/rfc4122},
  addendum = "(accessed: 14-03-2023)",
}

@online{GenerateUUID,
  title = {Generate a UUID compliant with RFC 4122},
  year = 2023,
  url = {https://www.cryptosys.net/pki/uuid-rfc4122.html},
  addendum = "(accessed: 14-03-2023)",
}



@article{EarthquakePrediction, 
Title = {Earthquake Statistics and Earthquake Prediction Research},
URL ={https://www.researchgate.net/publication/228610586_Earthquake_Statistics_and_Earthquake_Prediction_Research},
Year = {2023},
Author={Stefan Wiemer}
}

@article{TesiBNS, 
Title = {Human presence detection through audio recordings and deep learning on Android mobile app},
Year={2023},
Author={Gianmarco Cavallaccio}
}

@book{searchAndRescue,
  title={Technical Handbook For Search \& Rescue Operations in Earthquakes},
  author={Zoi, V. and Dandoulaki, M.},
  url={https://books.google.it/books?id=JXT\_rQEACAAJ},
  year={1999},
  publisher={ECPFE},
  edition={2}
}

@online{firebase,
  title = {Firebase Cloud Messaging},
  year = 2023,
  url = {https://firebase.google.com/docs/cloud-messaging},
  addendum = "(accessed: 14-03-2023)",
}

@online{APNS,
  title = {What is APNS},
  year = 2023,
  url = {https://en.wikipedia.org/wiki/Apple_Push_Notification_service},
  addendum = "(accessed: 14-03-2023)",
}

@incollection{45611,
title	= {CNN Architectures for Large-Scale Audio Classification},
author	= {Shawn Hershey and Sourish Chaudhuri and Daniel P. W. Ellis and Jort F. Gemmeke and Aren Jansen and Channing Moore and Manoj Plakal and Devin Platt and Rif A. Saurous and Bryan Seybold and Malcolm Slaney and Ron Weiss and Kevin Wilson},
year	= {2017},
URL	= {https://arxiv.org/abs/1609.09430},
booktitle	= {International Conference on Acoustics, Speech and Signal Processing (ICASSP)}
}

@inproceedings{45857,
title	= {Audio Set: An ontology and human-labeled dataset for audio events},
author	= {Jort F. Gemmeke and Daniel P. W. Ellis and Dylan Freedman and Aren Jansen and Wade Lawrence and R. Channing Moore and Manoj Plakal and Marvin Ritter},
year	= {2017},
booktitle	= {Proc. IEEE ICASSP 2017},
address	= {New Orleans, LA}
}
@online{YAMNet,
  title = {YAMNet},
  year = 2023,
  url = {https://github.com/tensorflow/models/tree/master/research/audioset/yamnet},
  addendum = "(accessed: 14-03-2023)",
}

@online{Goroutine,
  title = {Goroutines},
  year = 2023,
  url = {https://go.dev/tour/concurrency/1},
  addendum = "(accessed: 14-03-2023)",
}
@online{GoChannels,
  title = {Channels},
  year = 2023,
  url = {https://go.dev/tour/concurrency/2},
  addendum = "(accessed: 14-03-2023)",
}

@online{LeftJoin,
  title = {Left Join},
  year = 2023,
  url = {https://www.w3schools.com/mysql/mysql\_join.asp},
  addendum = "(accessed: 14-03-2023)",
}

@online{Seismometer,
  title = {What is a seismometer},
  year = 2023,
  url = {https://www.seismocloud.com/the-seismometer/},
  addendum = "(accessed: 14-03-2023)",
}
